@MISC{img_delphin,
	title = {{Delphin OpenGL}},
	note = {Eingesehen am 29.12.2016},
	url = {http://www.codersource.net/Portals/0/Images/471/OpenGLTutorial7-Fig1.jpg},
	howpublished = "\url{http://www.codersource.net/Portals/0/Images/471/OpenGLTutorial7-Fig1.jpg}",
}