@BOOK{gea,
AUTHOR = {Gregory, Jason} ,
TITLE = {Game Engine Architecture},
PUBLISHER = {Taylor and Francis Ltd.},
YEAR = {2014},
ADDRESS = {United Kingdom},
NOTE = {Second Edition}
}

@BOOK{theoryoffun,
AUTHOR = {Koster, BlahRaph},
TITLE = {A Theory of Fun for Game Design},
PUBLISHER = {O'Reilly and Associates},
YEAR = {6. November 2004},
ADDRESS = {United States},
NOTE = {2. Auflage}
}

@BOOK{brockhaus,
AUTHOR = {Kahnt, Helmut},
TITLE = {Brockhaus - In eine Band},
PUBLISHER = {Brockhaus GMBH},
YEAR = {1994},
ADDRESS = {Mannheim},
NOTE = {6. Auflage}
}

@BOOK{eiwpf, 
AUTHOR = {Theis, Thomas}, 
TITLE = {Einstieg in WPF 4.5. Grundlagen und Praxis}, 
PUBLISHER = {Galileo Press}, 
YEAR = {2013}, 
ADDRESS = {Bonn}, 
NOTE = {2. Auflage, S 15}
}

@misc{ msdn,
	author = "Microsoft",
	title = "Microsoft API- und Referenzkatalog",
	year = "2017",
	url = "https://msdn.microsoft.com/de-de/library,
	note = "[accessed 27-Januar-2017]"
}

@misc{ wikipedia_wpf,
	author = "Wikipedia",
	title = "Windows Presentation Foundation --- Wikipedia{,} The Free Encyclopedia",
	year = "2017",
	url = "https://de.wikipedia.org/wiki/Windows_Presentation_Foundation",
	note = "[accessed 14-Januar-2017]"
}

@misc{ xml,
	author = "Wikipedia",
	title = "Extensible Markup Language --- Wikipedia{,} The Free Encyclopedia",
	year = "2017",
	url = "https://de.wikipedia.org/wiki/Extensible_Markup_Language",
	note = "[accessed 27-Februar-2017]"
}

@misc{ metro,
	author = "Wikipedia",
	title = "Metro (Design Language) --- Wikipedia{,} The Free Encyclopedia",
	year = "2017",
	url = "https://de.wikipedia.org/wiki/Metro_(design_lenguage)",
	note = "[accessed 6-März-2017]"
}
%Felix OpenGL Quellen
@misc{ ThinMatrix,
	author = "ThinMatrix",
	title = "OpenGL 3D Game Tutorial",
	month = "Juli",
	year = "2014",
	url = "https://www.youtube.com/watch?v=VS8wlS9hF8E&list=PLRIWtICgwaX0u7Rf9zkZhLoLuZVfUksDP",
	note = "[accessed 28-Februar-2017]"
}
@misc{ SparkyEngine,
	author = "The Cherno",
	title = "How To Make a Game Engine",
	month = "März",
	year = "2015",
	url = "https://www.youtube.com/watch?v=vWU8EltWTfM&list=PLlrATfBNZ98fqE45g3jZA_hLGUrD4bo6_&index=1",
	note = "[accessed 28-Februar-2017]"
}
@misc{ OglDev,
	author = "Etay Meiri",
	title = "OGL Dev Modern OpenGL Tutorials",
	year = "2017",
	url = "http://ogldev.atspace.co.uk/index.html",
	note = "[accessed 28-Februar-2017]"
}
@misc{ GLReference,
	author = "Khronos Group",
	title = "OpenGL® 4.5 Reference Pages ",
	year = "2017",
	url = "https://www.khronos.org/registry/OpenGL-Refpages/gl4/",
	note = "[accessed 28-Februar-2017]"
}
@misc{ GLTut,
	author = "opengl-tutorials",
	title = "Opengl-Tutorial",
	year = "2017",
	url = "http://www.opengl-tutorial.org/",
	note =  "[accessed 28-Februar-2017]"
}
@misc{ Pipeline,
	author = "Khronos Group",
	title = "Rendering Pipeline Overview",
	year = "2017",
	url = "https://www.khronos.org/opengl/wiki/Rendering_Pipeline_Overview",
	note = "[accessed 28-Februar-2017]"
}

%XML
@misc{ xml,
	author = "Wikipedia",
	title = "Extensible Markup Language",
	year = "2017",
	url = "https://de.wikipedia.org/wiki/Extensible_Markup_Language",
	note = "[accessed 1-März-2017]"
}

@misc{ xmlcstutorials,
	author = "net-tutorials.com",
	title = "Introduction to XML with C-Sharp",
	year = "2017",
	url = "http://csharp.net-tutorials.com/xml/introduction/",
	note = "[accessed 1-März-2017]"
}

%SLERP
@misc{ WikiSlerp,
	author = "Wikipedia",
	title = "Slerp",
	year = "2017",
	url = "https://en.wikipedia.org/wiki/Slerp",
	note = "[accessed 8-März-2017]"
}

%% Viewing Transformation
%% https://www.khronos.org/opengl/wiki/Viewing_and_Transformations#How_does_the_camera_work_in_OpenGL.3F